@book{meier2012black,
  title={Black hole astrophysics: the engine paradigm},
  author={Meier, David L},
  year={2012},
  publisher={Springer Science \& Business Media}
}

@article{bassan2014advanced,
  title={Advanced interferometers and the search for gravitational waves},
  author={Bassan, Massimo},
  journal={Astrophysics and Space Science Library},
  volume={404},
  pages={275--290},
  year={2014},
  publisher={Springer}
}

@article{brugmann2018fundamentals,
  title={Fundamentals of numerical relativity for gravitational wave sources},
  author={Br{\"u}gmann, Bernd},
  journal={Science},
  volume={361},
  number={6400},
  pages={366--371},
  year={2018},
  publisher={American Association for the Advancement of Science}
}

@article{hoyng2006gravitational,
  title={Gravitational waves},
  author={Hoyng, Peter},
  journal={Relativistic Astrophysics and Cosmology: A Primer},
  pages={133--154},
  year={2006},
  publisher={Springer}
}


@article{weber1967gravitational,
  title={Gravitational radiation},
  author={Weber, Joseph},
  journal={Physical Review Letters},
  volume={18},
  number={13},
  pages={498},
  year={1967},
  publisher={APS}
}

@article{abbott2009ligo,
  title={LIGO: the laser interferometer gravitational-wave observatory},
  author={Abbott, BP and Abbott, R and Adhikari, R and Ajith, P and Allen, Bruce and Allen, G and Amin, RS and Anderson, SB and Anderson, WG and Arain, MA and others},
  journal={Reports on Progress in Physics},
  volume={72},
  number={7},
  pages={076901},
  year={2009},
  publisher={IOP Publishing}
}

@article{acernese2008status,
  title={Status of VIRGO},
  author={Acernese, Fausto and Alshourbagy, Mohamed and Amico, Paolo and Antonucci, Federica and Aoudia, S and Astone, P and Avino, Saverio and Baggio, L and Ballardin, G and Barone, Fea and others},
  journal={Classical and Quantum Gravity},
  volume={25},
  number={11},
  pages={114045},
  year={2008},
  publisher={IOP Publishing}
}

@book{straumann2012general,
  title={General relativity},
  author={Straumann, Norbert},
  year={2012},
  publisher={Springer Science \& Business Media}
}

@incollection{hughes2005black,
  title={How black holes get their kicks: Radiation recoil in binary black hole mergers},
  author={Hughes, Scott A and Favata, Marc and Holz, Daniel E},
  booktitle={Growing Black Holes: Accretion in a Cosmological Context},
  pages={333--339},
  year={2005},
  publisher={Springer}
}

@article{bonnor1966gravitational,
  title={Gravitational waves from isolated sources},
  author={Bonnor, WB and Rotenberg, MA},
  journal={Proc. R. Soc. Lond. A},
  volume={289},
  number={1417},
  pages={247--274},
  year={1966},
  publisher={The Royal Society}
}

@article{choksi2017recoiling,
  title={Recoiling supermassive black hole escape velocities from dark matter haloes},
  author={Choksi, Nick and Behroozi, Peter and Volonteri, Marta and Schneider, Raffaella and Ma, Chung-Pei and Silk, Joseph and Moster, Benjamin},
  journal={Monthly Notices of the Royal Astronomical Society},
  volume={472},
  number={2},
  pages={1526--1537},
  year={2017},
  publisher={Oxford University Press}
}

@article{buote2002chandra,
  title={Chandra evidence of a flattened, triaxial dark matter halo in the elliptical galaxy NGC 720},
  author={Buote, David A and Jeltema, Tesla E and Canizares, Claude R and Garmire, Gordon P},
  journal={The Astrophysical Journal},
  volume={577},
  number={1},
  pages={183},
  year={2002},
  publisher={IOP Publishing}
}

@article{binney1978elliptical,
  title={Elliptical galaxies-Prolate, oblate or triaxial},
  author={Binney, J},
  journal={Comments on Astrophysics},
  volume={8},
  pages={27--36},
  year={1978}
}

@inproceedings{larson2017modeling,
  title={Modeling the Evolution of Ejects Clouds Off Small Bodies: An N-Body Particle Approach with REBOUND},
  author={Larson, Jennifer and Sarid, Gal},
  booktitle={Lunar and Planetary Science Conference},
  volume={48},
  year={2017}
}

@article{helmi2008stellar,
  title={The stellar halo of the Galaxy},
  author={Helmi, Amina},
  journal={The Astronomy and Astrophysics Review},
  volume={15},
  number={3},
  pages={145--188},
  year={2008},
  publisher={Springer}
}

@article{escala2005role,
  title={The role of gas in the merging of massive black holes in galactic nuclei. II. Black hole merging in a nuclear gas disk},
  author={Escala, Andr{\'e}s and Larson, Richard B and Coppi, Paolo S and Mardones, Diego},
  journal={The Astrophysical Journal},
  volume={630},
  number={1},
  pages={152},
  year={2005},
  publisher={IOP Publishing}
}

@article{ostriker1999dynamical,
  title={Dynamical friction in a gaseous medium},
  author={Ostriker, Eve C},
  journal={The Astrophysical Journal},
  volume={513},
  number={1},
  pages={252},
  year={1999},
  publisher={IOP Publishing}
}

@article{carmeli2006cosmic,
  title={The cosmic time in terms of the redshift},
  author={Carmeli, Moshe and Hartnett, John G and Oliveira, Firmin J},
  journal={Foundations of Physics Letters},
  volume={19},
  number={3},
  pages={277--283},
  year={2006},
  publisher={Springer}
}

@article{aghanim2018planck,
  title={Planck 2018 results. VI. Cosmological parameters},
  author={Aghanim, N and Akrami, Y and Ashdown, M and Aumont, J and Baccigalupi, C and Ballardini, M and Banday, AJ and Barreiro, RB and Bartolo, N and Basak, S and others},
  journal={arXiv preprint arXiv:1807.06209},
  year={2018}
}

@article{hernquist1990analytical,
  title={An analytical model for spherical galaxies and bulges},
  author={Hernquist, Lars},
  journal={The Astrophysical Journal},
  volume={356},
  pages={359--364},
  year={1990}
}

@book{binney2011galactic,
  title={Galactic dynamics},
  author={Binney, James and Tremaine, Scott},
  volume={20},
  year={2011},
  publisher={Princeton university press}
}

@article{tanaka2009assembly,
  title={The assembly of supermassive black holes at high redshifts},
  author={Tanaka, Takamitsu and Haiman, Zolt{\'a}n},
  journal={The Astrophysical Journal},
  volume={696},
  number={2},
  pages={1798},
  year={2009},
  publisher={IOP Publishing}
}

@article{madau2004effect,
  title={The effect of gravitational-wave recoil on the demography of massive black holes},
  author={Madau, Piero and Quataert, Eliot},
  journal={The Astrophysical Journal Letters},
  volume={606},
  number={1},
  pages={L17},
  year={2004},
  publisher={IOP Publishing}
}

@article{barkana2001beginning,
  title={In the beginning: the first sources of light and the reionization of the universe},
  author={Barkana, Rennan and Loeb, Abraham},
  journal={Physics reports},
  volume={349},
  number={2},
  pages={125--238},
  year={2001},
  publisher={Elsevier}
}





