@book{meier2012black,
  title={Black hole astrophysics: the engine paradigm},
  author={Meier, David L},
  year={2012},
  publisher={Springer Science \& Business Media}
}

@article{bassan2014advanced,
  title={Advanced interferometers and the search for gravitational waves},
  author={Bassan, Massimo},
  journal={Astrophysics and Space Science Library},
  volume={404},
  pages={275--290},
  year={2014},
  publisher={Springer}
}

@article{brugmann2018fundamentals,
  title={Fundamentals of numerical relativity for gravitational wave sources},
  author={Br{\"u}gmann, Bernd},
  journal={Science},
  volume={361},
  number={6400},
  pages={366--371},
  year={2018},
  publisher={American Association for the Advancement of Science}
}

@article{hoyng2006gravitational,
  title={Gravitational waves},
  author={Hoyng, Peter},
  journal={Relativistic Astrophysics and Cosmology: A Primer},
  pages={133--154},
  year={2006},
  publisher={Springer}
}


@article{weber1967gravitational,
  title={Gravitational radiation},
  author={Weber, Joseph},
  journal={Physical Review Letters},
  volume={18},
  number={13},
  pages={498},
  year={1967},
  publisher={APS}
}

@article{abbott2009ligo,
  title={LIGO: the laser interferometer gravitational-wave observatory},
  author={Abbott, BP and Abbott, R and Adhikari, R and Ajith, P and Allen, Bruce and Allen, G and Amin, RS and Anderson, SB and Anderson, WG and Arain, MA and others},
  journal={Reports on Progress in Physics},
  volume={72},
  number={7},
  pages={076901},
  year={2009},
  publisher={IOP Publishing}
}

@article{acernese2008status,
  title={Status of VIRGO},
  author={Acernese, Fausto and Alshourbagy, Mohamed and Amico, Paolo and Antonucci, Federica and Aoudia, S and Astone, P and Avino, Saverio and Baggio, L and Ballardin, G and Barone, Fea and others},
  journal={Classical and Quantum Gravity},
  volume={25},
  number={11},
  pages={114045},
  year={2008},
  publisher={IOP Publishing}
}

@book{straumann2012general,
  title={General relativity},
  author={Straumann, Norbert},
  year={2012},
  publisher={Springer Science \& Business Media}
}

@incollection{hughes2005black,
  title={How black holes get their kicks: Radiation recoil in binary black hole mergers},
  author={Hughes, Scott A and Favata, Marc and Holz, Daniel E},
  booktitle={Growing Black Holes: Accretion in a Cosmological Context},
  pages={333--339},
  year={2005},
  publisher={Springer}
}

@article{bonnor1966gravitational,
  title={Gravitational waves from isolated sources},
  author={Bonnor, WB and Rotenberg, MA},
  journal={Proc. R. Soc. Lond. A},
  volume={289},
  number={1417},
  pages={247--274},
  year={1966},
  publisher={The Royal Society}
}

